0740000002501129872stewal-group s.r.o. 01011600000000000000+00000036393936+000000187008640000000550948000000040517FIO           
0750000002501129872000000000000000000138740309970000000100002000000000000000005580000000000030117Vklad v hotovosti   00203030117
0750000002501129872000000000000000000138946781920000540000002000000000000000005580000000000130217Vklad v hotovosti   00203130217
0750000002501129872000000000000000000138946799020000000060001000000000000000000000000000000130217Poplatek za výbìr a 00203130217
0750000002501129872000000000000000000138998940840000000009001000000633700000000000000000000220217Poplatek - dotaz na 00203220217
0750000002501129872000000000000000000139028839350000000010001000000633700000000000000000000280217poplatek za pojištìn00203280217
0750000002501129872000000019010249600139065200900000004650001000545793900030000000000000000060317platba nebytový pros00203060317
0750000002501129872000000211021303000139169755830000001000001000000170700270000000000000000240317Platba DPPO 2016    00203240317
0750000002501129872007704007762176100139169804130000096710001000545793900071011480000000000240317Platba daò z pøíjmu 00203240317
0750000002501129872000000000000000000139202223350000000010001000000633700000000000000000000310317poplatek za pojištìn00203310317
0750000002501129872000000019010249600139240706700000004650001000545793900030000000000000000060417platba nebytový pros00203060417
0750000002501129872000043224043028700139267997330000007740001000000000100010005580000000000110417mzda 03/2017 - stewa00203110417
0750000002501129872021012000792276100139268066580000007875001891207025000071076180000000000110417platba OSSZ - 03/20100203110417
0750000002501129872000000213000076100139268103810000003645001054579390000071035580000000000110417platba RBP - 03/201700203110417
0750000002501129872000713007762176100139268155870000001155001000545793900071011480000000000110417platba zálohová daò 00203110417
0750000002501129872040002005040401100139268225130000000100001000545793900010035580000000000110417platba pojištìní odp00203110417
0750000002501129872040002005040401100139268262100000000100001000545793900010035580000000000110417platba pojištìní odp00203110417
0750000002501129872000000000000000000139281258190000013085001000000000000000005580000000000130417Výbìr v hotovosti   00203130417
0750000002501129872000000000000000000139330038460000002420001000000633700000000000000000000220417Nákup: SEZNAM.CZ, PR00203220417
0750000002501129872000000000000000000139368381420000000010001000000633700000000000000000000300417poplatek za pojištìn00203300417
0750000002501129872000000211098604100139370845790000003056641001303752500270000000000000000010517platba provize heure00203010517
0750000002501129872000000154924613300139387571760000003089002000170182700080000000000000000020517Vašutová Alice,Ing. 00203020517
0750000002501129872000000201670207300139387595770000000908002000170181800080003080000000000020517Vojtìch Václav,Ing. 00203020517
0750000002501129872000000230094118600139388637930000001783001001019972000201000000000000000020517platba svet-trampoli00203020517
0750000002501129872000000119771818300139393630560000000938002000092435100080000000000000000030517Rùžièka Jiøí,Mgr.   00203030517
0750000002501129872000000018358344700139394497220000004779002000170184000030000000000000000030517NEMCOVA ZUZANA      00203030517
0750000002501129872670100221345738800139396276420000000878002000170183600621000000000000000030517ZBYNEK SVOBODA      00203030517
0750000002501129872000000013517021800139396317100000000256002000170180800030000000000000000030517PATERA RADIM        00203030517
0750000002501129872000000000000000000139396961330000000600001000000633700000000000000000000030517Nákup: FACEBK *4ZENH00203030517
0750000002501129872000043224043028700139397561030000007740001000000000100010005580000000000030517mzda 04/2017 - stewa00203030517
0750000002501129872000000230024764500139397579090000013085001000000000200201000000000000000030517mzda 04/2017 - stewa00203030517
0750000002501129872021012000792276100139397614640000007875001891207025000071076180000000000030517platba OSSZ - 04/20100203030517
0750000002501129872000000213000076100139397627040000003645001054579390000071035580000000000030517platba RBP - 04/201700203030517
0750000002501129872000713007762176100139397634180000001155001000545793900071011480000000000030517platba zálohová daò 00203030517
0750000002501129872000000000000000000139398480010000002420001000000633700000000000000000000030517Nákup: SEZNAM.CZ, PR00203030517
0750000002501129872000000240040624400139401209830000002420001087843158500201000000000000049040517dobití kreditu heure00203040517
